@inproceedings{sharma2015wormhole,
  title={Wormhole: Reliable pub-sub to support geo-replicated internet services},
  author={Sharma, Yogeshwer and Ajoux, Philippe and Ang, Petchean and Callies, David and Choudhary, Abhishek and Demailly, Laurent and Fersch, Thomas and Guz, Liat Atsmon and Kotulski, Andrzej and Kulkarni, Sachin and others},
  booktitle={NSDI, May},
  year={2015}
}

@inproceedings{carzaniga2000achieving,
  title={Achieving scalability and expressiveness in an internet-scale event notification service},
  author={Carzaniga, Antonio and Rosenblum, David S and Wolf, Alexander L},
  booktitle={Proceedings of the nineteenth annual ACM symposium on Principles of distributed computing},
  pages={219--227},
  year={2000},
  organization={ACM}
}
